%% This BibTeX bibliography file was created using BibDesk.
%% http://bibdesk.sourceforge.net/


%% Created for Christian Ullrich at 2012-10-20 15:49:37 +0200 


%% Saved with string encoding Unicode (UTF-8) 



@misc{NaoHP,
    author = {{Aldebaran Robotics}},
    title = {Unternehmenswebseite des Aldebaran Robotics Lab},
    year = {2012},
    month = oct,
    day = 20,
    timestamp={2012.10.20},
    howpublished = "Webseite: \url{http://www.aldebaran-robotics.com/}"
}

@misc{BurJud2012,
    author = {{Burns, Judith}},
    title = {Robots in the classroom help autistic children learn},
    year = {2012},
    month = nov,
    day = 08,
    timestamp={2012.11.15},
    howpublished = "Webseite: \url{http://www.bbc.co.uk/news/education-20252593}"
}

@misc{DoMinh2000,
    author = {{Do, Minh N.}},
    title = {Mel-Frequency Cepstrum Coefficients (MFCC) Processor},
    year = {2000},
    timestamp={2012.12.11},
    howpublished = "Webseite: \url{http://www.ifp.illinois.edu/~minhdo/teaching/speaker_recognition/mfcc_images/P005.html}"
}

@misc{AppleSiriFAQ2012,
    author = {{Apple Inc.}},
    title = {Learn more about Siri},
    year = {2012},
    month = nov,
    day = 16,
    timestamp={2012.11.16},
    howpublished = "Webseite: \url{http://www.apple.com/ios/siri/siri-faq/}"
}

@misc{KeystonesScout2012,
    author = {{Chivalry}},
    title = {Keystones of a Scout: The 10 Virtues that Make a Scout},
    year = {2012},
    month = nov,
    day = 20,
    timestamp={2012.11.20},
    howpublished = "Webseite: \url{http://scoutingrediscovered.com/keystones/keystones-of-a-scout-the-10-virtues-that-make-a-scout-chivalry/}"
}

@misc{MetErh2012,
    author = {{Metz, Erhard}},
    title = {Bundesverkehrsminister Tiefensee will den “Schilderwald” lichten und übersieht das Notwendige},
    year = {2008},
    month = jul,
    day = 29,
    timestamp={2012.11.16},
    howpublished = "Webseite: \url{http://tiny.cc/crd4sw}"
}

@misc{IEEERobotHP,
    author = {{Guizzo, Erico}},
    title = {World Robot Population Reaches 8,6 Million},
    year = {2010},
    month = apr,
    day = 14,
    timestamp={2012.11.01},
    howpublished = "Webseite: \url{http://spectrum.ieee.org/automaton/robotics/industrial-robots/041410-world-robot-population/}"
}

@misc{ROSCode,
    author = {{Albert-Ludwigs-Universität Freiburg}},
    title = {ROS Package Repository - headscan.py},
    year = {2013},
    month = jan,
    day = 3,
    timestamp={2013.01.03},
    howpublished = "Webseite: \url{https://code.google.com/p/alufr-ros-pkg/source/browse/tags/nao_0.3/nao_ctrl/scripts/headscan.py}"
}

@misc{OpenCVCode,
    author = {{Willow Garage}},
    title = {OpenCV 2.2 Package Repository - opencv/samples/c/find\_obj.cpp},
    year = {2013},
    month = jan,
    day = 20,
    timestamp={2013.01.20},
    howpublished = "Webseite: \url{https://github.com/Itseez/opencv/blob/2.2/samples/c/find_obj.cpp}"
}

@misc{OpenCVChessboard,
    author = {{Willow Garage}},
    title = {OpenCV Tutorials - Camera calibration and 3D reconstruction - Camera calibration with OpenCV - Results -
		Input Chessboard Pattern},
    year = {2013},
    month = jan,
    day = 15,
    timestamp={2013.01.15},
    howpublished = "Webseite: \url{http://docs.opencv.org/trunk/_downloads/pattern.png}"
}

@misc{OpenCVCalibration,
    author = {{Willow Garage}},
    title = {OpenCV Tutorials - Camera calibration and 3D reconstruction - Camera calibration with OpenCV},
    year = {2013},
    month = jan,
    day = 15,
    timestamp={2013.01.15},
    howpublished = "Webseite: \url{http://docs.opencv.org/trunk/doc/tutorials/calib3d/camera_calibration/camera_calibration.html}"
}

@misc{OpenCVReprojection,
    author = {{Willow Garage}},
    title = {OpenCV 2.0 C Reference - cv. Image Processing and Computer Vision - Camera Calibration and 3D Reconstruction},
    year = {2013},
    month = jan,
    day = 20,
    timestamp={2013.01.20},
    howpublished = "Webseite: \url{http://opencv.willowgarage.com/documentation/camera_calibration_and_3d_reconstruction.html?highlight=findhomography#findhomography}"
}

@misc{RoboHistoryHP,
    author = {{Tesler, Pearl}},
    title = {universal robots: the history and workings of robotics},
    year = {2005},
    timestamp={2012.10.29},
    howpublished = "Webseite: \url{http://www.thetech.org/exhibits/online/robotics/universal/index.html}"
}

@misc{MihAnd2012,
    author = {{Mihai, Andrei}},
    title = {Curiosity day - Curiosity's size compared to other rovers},
    year = {2012},
    month = aug,
    day = 7,
    timestamp={2012.11.05},
    howpublished = "Webseite: \url{http://www.zmescience.com/space/curiosity-day-size-07082012/}"
}

@misc{RafVas2010,
    author = {{Vasconcelos, Rafael}},
    title = {Asimo, uma pequena amostra do desenvolvimento tecnologico},
    year = {2010},
    month = dec,
    day = 8,
    timestamp={2012.11.05},
    howpublished = "Webseite: \url{http://blogedutecnologia.blogspot.de/2010/12/asimo-uma-pequena-amostra-do.html}"
}

@misc{FoxBil2005,
    author = {{Fox, Bill}},
    title = {An industry at an inflection point?},
    year = {2005},
    month = feb,
    timestamp={2012.11.05},
    howpublished = "Webseite:
		\url{http://www.amfir.com/AmFir/Commentary\%20Pages/EditorialsArticles/I,\%20Robot\%20Investor/I,\%20RobotEntrepPart-2-\%20IndustryatInflection.html}"
}

@misc{NaoRCImageHP,
    author = {{Hochschule Offenburg}},
    title = {Webseite für Publikationen},
    year = {2012},
    month = nov,
    day = 10,
    timestamp={2012.11.10},
    howpublished = "Webseite: \url{http://robocup.fh-offenburg.de/html/publications_page.htm}"
}

@misc{NaoRCPlatform,
    author = {{The Robocup Federation}},
    title = {Soccer Standard Platform League},
    year = {2012},
    month = nov,
    day = 11,
    timestamp={2012.11.11},
    howpublished = "Webseite: \url{http://www.robocup.org/robocup-soccer/standard-platform/}"
}

@misc{RoboCupObjective2012,
    author = {{The Robocup Federation}},
    title = {Objectives},
    year = {2012},
    month = nov,
    day = 11,
    timestamp={2012.11.11},
    howpublished = "Webseite: \url{http://www.robocup.org/about-robocup/objective/}"
}

@misc{Bai2009,
    author = {{Bailey, Eoin}},
    title = {Dijkstra's algorithm - An Illustrated Explanation},
    year = {2009},
    month = feb,
    day = 9,
    timestamp={2012.12.15},
    howpublished = "Webseite: \url{http://eoinbailey.com/blog/dijkstras-algorithm-illustrated-explanation}"
}

@misc{KSERAProject2012,
    author = {{The KSERA Project}},
    title = {D6.2 Project Leaflet},
    year = {2012},
    month = nov,
    day = 14,
    timestamp={2012.11.14},
    howpublished = "Webseite: \url{http://cms.ieis.tue.nl/ksera/documents/ksera_leaflet.pdf}"
}

@misc{QrioWikimedia,
    author = {{Wikimedia Commons}},
    title = {QRIO},
    year = {2012},
    month = nov,
    day = 4,
    timestamp={2012.11.05},
    howpublished = "Webseite: \url{http://es.wikipedia.org/wiki/QRIO/}"
}

@misc{SchilderWikimedia,
    author = {{Wikimedia Commons}},
    title = {Bildtafel der Verkehrszeichen in Deutschland},
    year = {2012},
    month = okt,
    day = 20,
    timestamp={2012.10.20},
    howpublished = "Webseite: \url{http://de.wikipedia.org/wiki/Verkehrsschilder}"
}

@misc{AMDGeodeSpec,
    author = {{Advanced Micro Devices Corp.}},
    title = {AMD Geode(tm) LX Processor Family Technical Specifications},
    year = {2012},
    month = dec,
    day = 28,
    timestamp={2012.12.28},
    howpublished = "Webseite: \url{http://www.amd.com/us/Documents/33358e_lx_900_productb.pdf}"
}

@misc{CCDWikimedia,
    author = {{Wikimedia Commons}},
    title = {CCD-Sensor},
    year = {2012},
    month = nov,
    day = 30,
    timestamp={2012.11.30},
    howpublished = "Webseite: \url{http://de.wikipedia.org/wiki/CCD-Sensor}"
}

@misc{MicrophoneWikimedia,
    author = {{Wikimedia Commons}},
    title = {Mikrofon},
    year = {2012},
    month = dec,
    day = 10,
    timestamp={2012.12.10},
    howpublished = "Webseite: \url{http://de.wikipedia.org/wiki/Mikrofon#Kondensatormikrofon}"
}

@misc{SonarWikimedia,
    author = {{Wikimedia Commons}},
    title = {Sonar},
    year = {2012},
    month = dec,
    day = 10,
    timestamp={2012.12.10},
    howpublished = "Webseite: \url{http://en.wikipedia.org/wiki/Sonar}"
}

@misc{PendulumWikimedia,
    author = {{Wikimedia Commons}},
    title = {Inverted Pendulum},
    year = {2012},
    month = dec,
    day = 27,
    timestamp={2012.12.27},
    howpublished = "Webseite: \url{http://en.wikipedia.org/wiki/Inverted_pendulum}"
}

@misc{AsimoFacts,
    author = {{Honda Motor Company, Ltd.}},
    title = {ASIMO - Frequently Asked Questions},
    year = {2012},
    month = nov,
    day = 8,
    timestamp={2012.11.08},
    howpublished = "Webseite: \url{http://asimo.honda.com/downloads/pdf/honda-asimo-robot-fact-sheet.pdf}"
}

@misc{NaoDoc2010,
    author = {{Aldebaran Robotics}},
    title = {User Guide to Version 1.10.44},
    year = {2010},
    month = may,
    day = 19,
    timestamp={2010.05.19},
    howpublished = {DVD}}

@misc{NaoDoc2012,
    author = {{Aldebaran Robotics}},
    title = {NAO Software 1.12.5 documentation},
    year = {2012},
    month = oct,
    day = 20,
    timestamp={2010.10.20},
    howpublished = "Webseite: \url{http://www.aldebaran-robotics.com/documentation/index.html}"
}

@misc{NaoDatasheet2012,
    author = {{Aldebaran Robotics}},
    title = {NAO - Technical Specifications},
    year = {2012},
    month = nov,
    day = 12,
    timestamp={2010.11.12},
    howpublished = "Webseite: \url{http://www.aldebaran-robotics.com/Downloads/Download-document/192-Datasheet-NAO-Humanoid.html}"
}

@misc{WeiFre2010,
    author = {{Weitz, Frederik}},
    title = {Das Intelligenz-Strukturmodell nach Joy Paul Guilford},
    year = {2010},
    month = sep,
    day = 29,
    timestamp={2012.11.20},
    howpublished = "Webseite: \url{http://suite101.de/article/das-intelligenz-strukturmodell-nach-joy-paul-guilford-a87894#axzz2M6i03vg8}"
}

@misc{DudenOnlineKognition,
    author = {{Bibliographisches Institut GmbH}},
    title = {Wörterbuch - Kognition},
    year = {2012},
    month = nov,
    day = 29,
    timestamp={2012.11.29},
    howpublished = "Webseite: \url{http://www.duden.de/rechtschreibung/Kognition}"
}

@book{Guilford196707, 
    title={The Nature of Human Intelligence},
    author={J. P. Guilford},
    publisher={McGraw-Hill},
    year={1967},
    month={7},
    edition={First Edition},
    isbn={9780070251359},
    url={http://amazon.com/o/ASIN/0070251355/},
    totalpages={538},
    timestamp={2012.11.20},
}

@book{Murphy200011, 
    title={An Introduction to AI Robotics (Intelligent Robotics and Autonomous Agents)},
    author={Robin R. Murphy},
    publisher={A Bradford Book},
    year={2000},
    month={11},
    edition={1st},
    isbn={9780262133838},
    url={http://amazon.com/o/ASIN/0262133830/},
    price={$75.00},
    totalpages={400},
    timestamp={2012.10.01},
}

@book{Turau200910, 
    title={Algorithmische Graphentheorie},
    author={Volker Turau},
    publisher={Oldenbourg Wissenschaftsverlag},
    year={2009},
    month={10},
    edition={überarbeitete Auflage},
    isbn={9783486590579},
    url={http://amazon.de/o/ASIN/348659057X/},
    price={EUR 39,80},
    totalpages={458},
    timestamp={2013.02.01},
}

@phdthesis{Arkin1987,
  title = {Towards cosmopolitan robots: Intelligent navigation in extended man-made environments},
  author = {Arkin, Ronald Craig},
  year = {1987},
  month = sep,
  school = {University of Massachusetts at Amherst. Department of Computer and Information Science},
  url = {https://smartech.gatech.edu/bitstream/handle/1853/23031/arkin_dissertation-1-1.pdf},
  timestamp = {2012.12.23},
}

@article{Vanko2004,
  title = {Algorithms for the Solution of the Quadratic Programming Problem},
  author = {Vankova, Martina}, 
  year = {2004},
  month = jan,
  timestamp = {2012.12.27},
  url = {http://dspace.nmmu.ac.za:8080/jspui/bitstream/10948/348/1/VankovaM.pdf},
}

@article{CarGooDoro2001,
  title = {Mechanical Design and Modeling of an Omni-Directional RoboCup Player},
  author = {Carter, Brian AND Good, Matt AND Dorohoff, Mike AND Lew, Jae AND Williams II, Robert L. AND Gallina, Paolo}, 
  year = {2001},
  timestamp = {2012.11.25},
  url = {http://www.ohio.edu/people/williar4/html/PDF/RoboCup01p.pdf},
}

@article{ColRuiTedWis2005,
  title = {Efficient bipedal robots based on passive-dynamic walkers},
  author = {Collins, Steve and Ruina, Andy and Tedrake, Russ and Wisse, Martijn},
  journal = {Science},
  volume = {307},
  number = {5712},
  pages = {1082--1085},
  year = {2005},
  month = feb,
  day = 18,
  timestamp = {2012.11.25},
  url = {http://ruina.tam.cornell.edu/research/topics/locomotion_and_robotics/efficient_bipedal_robots/efficient_bipedal_robots.pdf},
  publisher = {American Association for the Advancement of Science},
}

@article{FoxBurThr2012,
  title = {Probabilistic methods for mobile robot mapping},
  author = {Fox, Dieter and Burgard, Wolfram and Thrun, Sebastian},
  timestamp = {2012.11.25},
  url = {http://www.cs.cmu.edu/afs/cs.cmu.edu/Web/People/motionplanning/papers/sbp_papers/integrated1/fox_prob_robot_mapping.pdf},
}

@article{KimLinSongChae2007,
  title = {Distance Measurement Using a Single Camera with a Rotating Mirror},
  author = {Kim, Hyongsuk and Lin, C and Song, Jaehong and Chae, Heesung},
  journal = {Proceedings of the 7th WSEAS International Conference on Signal Processing, Computational Geometry \& Artificial Vision},
  year = {2007},
  month = aug,
  day = 26,
  timestamp = {2012.11.26},
  url = {http://www.wseas.us/e-library/conferences/2007athensel/papers/564-164.pdf},
}

@article{HuYoKajKan2001,
  title={Planning walking patterns for a biped robot},
  author={Huang, Qiang and Yokoi, Kazuhito and Kajita, Shuuji and Kaneko, Kenji and Arai, Hirohiko and Koyachi, Noriho and Tanie, Kazuo},
  journal={Robotics and Automation, IEEE Transactions on Robotics and Automation},
  volume={17},
  number={3},
  pages={280--289},
  year={2001},
  publisher={IEEE},
  month = jun,
  timestamp = {2012.11.25},
  url = {http://staff.aist.go.jp/k.kaneko/publications/2001_publications/6.pdf},
}

@article{ManMetIidTed2011,
  title={Stable dynamic walking over uneven terrain},
  author={Manchester, Ian R and Mettin, Uwe and Iida, Fumiya and Tedrake, Russ},
  journal={The International Journal of Robotics Research},
  volume={30},
  number={3},
  pages={265--279},
  year={2011},
  publisher={SAGE Publications},
  timestamp = {2012.11.25},
  url = {http://groups.csail.mit.edu/robotics-center/public_papers/Manchester10.pdf},
}

@book{BradskiKaehler200810, 
  title={Learning OpenCV: Computer Vision with the OpenCV Library},
  author={Bradski, Gary and Kaehler, Adrian},
  publisher={O'Reilly Media},
  year={2008},
  month={10},
  edition={1st},
  isbn={9780596516130},
  url={http://amazon.com/o/ASIN/0596516134/},
  price={$49.99},
  totalpages={555},
  timestamp={2013.02.27},
}

@book{HartleyZisserman200403, 
  title={Multiple View Geometry in Computer Vision},
  author={Richard Hartley and Andrew Zisserman},
  publisher={Cambridge University Press},
  year={2004},
  month={3},
  edition={2},
  isbn={9780521540513},
  url={http://amazon.de/o/ASIN/0521540518/},
  price={EUR 83,55},
  totalpages={668},
  timestamp={2013.03.18},
}

@article{GarrMorBlanJur2011,
  title = {Path planning for mobile robot navigation using voronoi diagram and fast marching},
  author = {Garrido, Santiago and Moreno, Luis and Blanco, Dolores and Jurewicz, Piotr},
  journal = {International Journal of Robotics and Automation (IJRA)},
  volume = {2},
  number = {1},
  pages = {42},
  year = {2011},
  timestamp = {2012.11.26},
  url = {http://www.cscjournals.org/csc/manuscript/Journals/IJRA/volume2/Issue1/IJRA-26.pdf},
}

@article{KajTan1995,
  title = {Experimental study of biped dynamic walking in the linear inverted pendulum mode},
  author = {Kajita, Shuuji and Tani, Kazuo},
  journal = {1995. Proceedings., 1995 IEEE International Conference on Robotics and Automation},
  volume = {3},
  pages = {2885--2891},
  year = {1995},
  organization = {IEEE},
  timestamp = {2012.12.14},
  url = {http://ieeexplore.ieee.org/iel3/3951/11431/00525693.pdf?arnumber=525693},
}

@article{Wie2006,
  title = {Trajectory free linear model predictive control for stable walking in the presence of strong perturbations},
  author = {Wieber, Pierre-Brice},
  journal = {2006 6th IEEE-RAS International Conference on Humanoid Robots},
  pages = {137--142},
  year = {2006},
  organization = {IEEE},
  timestamp = {2012.12.14},
  url = {http://hal.archives-ouvertes.fr/docs/00/39/04/62/PDF/Preview.pdf},
}

@article{WangZheng2008,
  title = {A region based stereo matching algorithm using cooperative optimization},
  author = {Wang, Zeng-Fu and Zheng, Zhi-Gang},
  journal = {IEEE Conference on Computer Vision and Pattern Recognition, 2008. CVPR 2008.},
  pages = {1--8},
  year = {2008},
  organization = {IEEE},
  timestamp = {2012.11.30},
  url = {http://vision.middlebury.edu/stereo/eval/papers/CORegion.pdf},
}

@article{CanJon86,
  title = {A Computational Approach to Edge Detection},
  author = {Canny, John}, 
  keywords = {Edge Detection \& Computer Vision},
  year = {1986},
  month = nov,
  day = 06,
  timestamp = {2012.11.25},
  url = {http://perso.limsi.fr/Individu/vezien/PAPIERS_ACS/canny1986.pdf},
  Journal = {IEEE Transactions on Pattern Analysis and Machine Intelligence},
  Volume = {PAMI-8},
  pages = {679--698},
}

@article{BayEssTuyTin2008,
  author = {Bay, Herbert and Ess, Andreas and Tuytelaars, Tinne and Van Gool, Luc},
  title = {Speeded-Up Robust Features (SURF)},
  journal = {Computer Vision and Image Understanding},
  issue_date = {June, 2008},
  volume = {110},
  number = {3},
  month = jun,
  year = {2008},
  issn = {1077-3142},
  pages = {346--359},
  numpages = {14},
  url = {ftp://ftp.vision.ee.ethz.ch/publications/articles/eth_biwi_00517.pdf},
  publisher = {Elsevier Science Inc.},
  address = {New York, NY, USA},
  keywords = {Camera calibration, Feature description, Interest points, Local features, Object recognition},
}

@article{Low1999,
  title = {Object recognition from local scale-invariant features},
  author = {Lowe, David G.},
  journal = {Computer Vision, 1999. The Proceedings of the Seventh IEEE International Conference on Computer Vision},
  volume = {2},
  pages = {1150--1157},
  year = {1999},
  organization = {IEEE},
  month = sep,
  timestamp = {2012.11.30},
  url = {http://www.cs.ubc.ca/~lowe/papers/iccv99.pdf},
}

@article{OsuFreGir1997,
  title = {Training support vector machines: an application to face detection},
  author = {Osuna, Edgar and Freund, Robert and Girosit, Federico},
  journal = {Computer Vision and Pattern Recognition, 1997. Proceedings., 1997 IEEE Computer Society Conference on},
  pages = {130--136},
  year = {1997},
  month = jun,
  organization = {IEEE},
  timestamp = {2012.11.30},
  url = {http://www.cmlab.csie.ntu.edu.tw/~cyy/learning/papers/SVM_FaceCVPR1997.pdf},
}

@article{Choi2012,
  title = "Genetic programming-based feature transform and classification for the automatic detection of pulmonary nodules on computed tomography images",
  journal = "Information Sciences",
  volume = "212",
  number = "0",
  pages = "57 - 78",
  year = "2012",
  note = "",
  issn = "0020-0255",
  doi = "10.1016/j.ins.2012.05.008",
  url = "http://www.sciencedirect.com/science/article/pii/S0020025512003362",
  author = "Wook-Jin Choi and Tae-Sun Choi",
  keywords = "CT",
  keywords = "Pulmonary nodule detection",
  keywords = "CAD",
  keywords = "Genetic programming",
  timestamp = "2012.11.30",
}

@article{HarSte1988,
  title={A combined corner and edge detector},
  author={Harris, Chris and Stephens, Mike},
  journal={Alvey vision conference},
  volume={15},
  pages={50},
  year={1988},
  organization={Manchester, UK},
  timestamp = {2012.11.30},
  url = {http://csce.uark.edu/~jgauch/library/Features/Harris.1988.pdf},
}

@article{GouColKil2010,
  title = {Omni-directional Closed-loop Walk for NAO},
  author = {Gouaillier, David and Collette, Cyrille and Kilner, Chris},
  journal = {IEEE-RAS International Conference on Humanoid Robots},
  pages = {448--454},
  year = {2010},
  mon = dec,
  publisher = {IEEE},
  timestamp = {2012.12.28},
  url = {https://sibylle.informatik.uni-bremen.de/public/proceedings/Humanoids2010/program/papers/0018.pdf},
}

@article{HaTamAsa2011,
  title = {Gait pattern generation and stabilization for humanoid robot based on coupled oscillators},
  author = {Ha, Inyong and Tamura, Yusuke and Asama, Hajime},
  journal = {Intelligent Robots and Systems (IROS), 2011 IEEE/RSJ International Conference on},
  pages = {3207--3212},
  year = {2011},
  organization = {IEEE},
  mon = sep,
  publisher = {IEEE},
  timestamp = {2012.12.28},
  url = {http://robosavvy.com/RoboSavvyPages/Robotis/DARwIn-OP/paper582.pdf},
}

@article{Lee1982,
  title={On k-nearest neighbor Voronoi diagrams in the plane},
  author={Lee, Der-Tsai},
  journal={IEEE Transactions on Computers},
  volume={C-31},
  number={6},
  pages={478--487},
  year={1982},
  month=jun,
  publisher={IEEE},
  timestamp = {2012.11.30},
  url = {http://www.computer.org/csdl/trans/tc/1982/06/01676031.pdf},
}

@article{VioJon2001, 
  author = {Viola, Paul and Jones, Michael}, 
  journal = {Computer Vision and Pattern Recognition, Proceedings of the 2001 IEEE Computer Society Conference},
  title = {Rapid object detection using a boosted cascade of simple features}, 
  year = {2001}, 
  volume = {1}, 
  pages = {I-511 - I-518}, 
  issn = {1063-6919},
  url = {http://citeseerx.ist.psu.edu/viewdoc/download?doi=10.1.1.23.7246\&rep=rep1\&type=pdf},
}

@book{Euler200604, 
  title={Grundkurs Spracherkennung: Vom Sprachsignal zum Dialog},
  author={Stephan Euler},
  publisher={Vieweg+Teubner Verlag},
  year={2006},
  month={4},
  edition={2006},
  isbn={9783834800039},
  url={http://amazon.de/o/ASIN/3834800031/},
  price={EUR 39,95},
  totalpages={200},
  timestamp={2013.02.28},
}

@book{PfisterKaufmann200803, 
  title={Sprachverarbeitung: Grundlagen und Methoden der Sprachsynthese und Spracherkennung (Springer-Lehrbuch)},
  author={Beat Pfister and Tobias Kaufmann},
  publisher={Springer},
  year={2008},
  month={3},
  edition={2008},
  isbn={9783540759096},
  url={http://amazon.de/o/ASIN/3540759093/},
  price={EUR 59,95},
  totalpages={483},
  timestamp={2013.03.01},
}

@article{VanFerKuf2006,
  title={Anytime path planning and replanning in dynamic environments},
  author={Van Den Berg, Jur and Ferguson, Dave and Kuffner, James},
  journal={Robotics and Automation, 2006. ICRA 2006. Proceedings 2006 IEEE International Conference on Robotics and Automation},
  pages={2366--2371},
  year={2006},
  organization={IEEE},
  month = may,
  url = {http://arl.cs.utah.edu/pubs/ICRA2006.pdf},
}

@article{MajMal2009,
  title = {Object detection using a max-margin hough transform},
  author = {Maji, Subhransu and Malik, Jitendra},
  journal = {Computer Vision and Pattern Recognition, Proceedings of the 2009 IEEE Computer Society Conference},
  pages = {1038--1045},
  year = {2009},
  organization = {IEEE},
  url = {http://ttic.uchicago.edu/~smaji/papers/smaji-cvpr09.pdf},
} 

@book{Springer200702, 
   title={Handbuch Robotik: Programmieren und Einsatz intelligenter Roboter (VDI-Buch)},
   author={Haun, Matthias},
   publisher={Springer},
   year={2007},
   month={2},
   edition={1},
   isbn={9783540255086},
   url={http://amazon.de/o/ASIN/3540255087/},
   price={EUR 99,95},
   totalpages={550},
   timestamp={2012.09.20},
}
